<record><leader>00000cas a22000007a 4500</leader><controlfield tag="001">12574692</controlfield><controlfield tag="008">850919d18811914paudn ne      0   a0eng d</controlfield><datafield ind1=" " ind2=" " tag="010"><subfield code="a">sn 86081672 </subfield></datafield><datafield ind1=" " ind2=" " tag="040"><subfield code="a">NPH</subfield><subfield code="b">eng</subfield><subfield code="c">NPH</subfield><subfield code="d">NPX</subfield><subfield code="d">NPH</subfield><subfield code="d">OCLCQ</subfield><subfield code="d">DLC</subfield></datafield><datafield ind1="0" ind2=" " tag="022"><subfield code="a">2469-3286</subfield><subfield code="2">1</subfield></datafield><datafield ind1=" " ind2=" " tag="042"><subfield code="a">msc</subfield><subfield code="a">nsdp</subfield></datafield><datafield ind1="1" ind2="0" tag="050"><subfield code="a">ISSN RECORD</subfield></datafield><datafield ind1="1" ind2="0" tag="082"><subfield code="a">071</subfield><subfield code="2">23</subfield></datafield><datafield ind1="0" ind2=" " tag="130"><subfield code="a">Reading times (Reading, Pa. : 1881)</subfield></datafield><datafield ind1=" " ind2="0" tag="222"><subfield code="a">Reading times</subfield><subfield code="b">(Reading, Pa. 1881)</subfield></datafield><datafield ind1="1" ind2="0" tag="245"><subfield code="a">Reading times.</subfield></datafield><datafield ind1="1" ind2="7" tag="246"><subfield code="a">Daily times and dispatch</subfield></datafield><datafield ind1="1" ind2="7" tag="246"><subfield code="a">Times and dispatch</subfield></datafield><datafield ind1="1" ind2="7" tag="246"><subfield code="a">Reading daily times</subfield></datafield><datafield ind1="1" ind2="7" tag="246"><subfield code="a">Times</subfield></datafield><datafield ind1=" " ind2=" " tag="260"><subfield code="a">Reading, Pa. :</subfield><subfield code="b">J. Knabb &amp; Co.,</subfield><subfield code="c">1881-1914.</subfield></datafield><datafield ind1=" " ind2=" " tag="300"><subfield code="a">v. :</subfield><subfield code="b">ill. (chiefly advertisements)</subfield></datafield><datafield ind1=" " ind2=" " tag="310"><subfield code="a">Daily (except Sun.)</subfield></datafield><datafield ind1="0" ind2=" " tag="362"><subfield code="a">Vol. 48, no. 75 (Dec. 29, 1881)- ; -v. 112, no. 130 (Mar. 7, 1914).</subfield></datafield><datafield ind1=" " ind2=" " tag="580"><subfield code="a">Weekly ed.: Berks and Schuylkill journal.</subfield></datafield><datafield ind1=" " ind2=" " tag="752"><subfield code="a">United States</subfield><subfield code="b">Pennsylvania</subfield><subfield code="c">Berks</subfield><subfield code="d">Reading.</subfield></datafield><datafield ind1="1" ind2=" " tag="775"><subfield code="t">Berks and Schuylkill journal</subfield><subfield code="x">2469-3278</subfield><subfield code="w">(DLC)sn 84026346</subfield><subfield code="w">(OCoLC)10422361</subfield></datafield><datafield ind1="0" ind2="0" tag="780"><subfield code="t">Reading times and dispatch</subfield><subfield code="x">2469-3294</subfield><subfield code="w">(DLC)sn 84026343</subfield><subfield code="w">(OCoLC)10422386</subfield></datafield><datafield ind1="0" ind2="7" tag="785"><subfield code="t">Reading news</subfield><subfield code="w">(DLC)sn 89077693</subfield></datafield><datafield ind1="0" ind2="7" tag="785"><subfield code="t">Reading news-times</subfield><subfield code="w">(DLC)sn 85055195</subfield></datafield></record>